5325 7034
1975 235 2045 280 IL
2091 235 2372 281 NATALE
2417 226 2555 280 DEL
2601 233 3025 280 REDENTORE
4494 236 4595 281 vn

2317 513 2727 577 STORICO.

477 651 578 734 Et
631 648 922 760 peperit
989 651 1239 735 filium
1313 679 1547 736 suum
1617 654 2264 770 primogenitum3
2325 673 2399 736 et

372 778 647 885 pannis
704 806 884 861 eum
943 776 1274 862 involvit
1312 796 1388 860 et
1432 778 1826 862 reclinavit
1869 845 2020 864 ......
2080 781 2160 862 in
2217 807 2400 888 prae-

371 929 589 1010 sepio
643 968 2395 988 ..............

2722 655 2792 736 Ε
2830 660 3107 761 partorz'
3164 653 3217 736 il
3255 654 3469 764 figlio
3524 683 3649 738 suo
3692 657 4171 764 primogenito
4180 685 4207 752 ;
4235 684 4296 766 ,e
4348 654 4417 737 lo
4471 651 4645 764 refa-

2613 781 2752 863 scio
2808 809 2841 862 e
2894 780 2963 862 lo
3008 797 3172 888 pose
3225 808 3270 865 a
3323 784 3588 890 giaeere
3644 783 3721 862 in
3777 807 3923 862 una
3976 782 4441 889 mangiatoia.

2378 1125 2644 1188 CORO.

480 1280 835 1365 Christum
893 1295 1162 1380 natum,
1223 1283 1478 1392 Regem
1531 1297 1871 1380 nostrum,
1929 1285 2179 1382 venite,
2236 1282 2400 1364 ado-

373 1407 640 1490 remus!

2725 1284 3000 1366 Venite
3057 1283 3150 1366 ad
3206 1283 3519 1366 adorare
3578 1283 3837 1366 Cristo
3896 1299 4104 1378 nat0,
4165 1299 4439 1364 nostro
4495 1283 4640 1368 Re!

2217 1575 2785 1638 INTERLUDIO
2808 1597 2820 1634 :

2029 1756 2035 1762 “
2130 1750 2240 1829 La
2290 1763 2475 1831 notte
2530 1748 2895 1872 tenebrosa.

2315 2003 2727 2066 STORICO.

480 2179 578 2261 Et
635 2198 979 2286 pastores
1035 2199 1249 2261 erant
1324 2180 1402 2261 in
1475 2179 1790 2282 regione
1865 2179 2157 2277 eadem,
2217 2179 2403 2282 vigi-

373 2303 617 2385 lantes
692 2289 767 2385 et
849 2303 1375 2385 custodientes
1455 2303 1754 2408 vigilias
1835 2305 2090 2386 noctis
2171 2330 2401 2409 super

371 2455 686 2534 gregem
724 2457 986 2511 suum.
1027 2431 1126 2510 Et
1163 2455 1333 2510 ecce
1369 2428 1720 2534 Angelus
1755 2493 1906 2512 ......
1941 2431 2148 2518 stetit
2187 2431 2400 2536 juxta

374 2553 551 2635 illos
607 2572 683 2638 et
737 2554 1032 2639 claritas
1072 2555 1217 2641 Dei
1258 2552 1762 2637 circumfulsit
1799 2548 2091 2640 ¹illoset
2127 2556 2403 2638 timue-

373 2699 554 2762 runt
607 2682 892 2763 timore
950 2707 1265 2785 magno.
1326 2680 1425 2763 Et
1479 2680 1673 2763 dixit
1727 2679 1916 2762 illis:

2727 2178 2839 2260 Ed
2892 2180 3143 2258 eranvi
3193 2177 3375 2288 nella
3426 2191 3628 2261 stessa
3681 2183 3961 2288 regione
4022 2178 4136 2261 dei
4190 2181 4463 2286 pastori
4534 2177 4647 2260 che

2613 2305 3037 2413 vegliavano
3092 2333 3125 2385 e
3174 2287 3482 2413 faeeoan
3538 2303 3619 2386 di
3683 2319 3867 2387 notte
3940 2305 4011 2387 la
4076 2305 4305 2387 ronda
4370 2317 4647 2385 attorno

2614 2429 2686 2510 al
2740 2429 2849 2512 lor
2901 2432 3203 2539 greggie.
3266 2430 3709 2533 Quand’eceo
3745 2434 4244 2539 sopraggiunse
4279 2431 4517 2510 vicino
4554 2425 4647 2508 ad

2613 2558 2742 2638 essi
2793 2556 3146 2665 l'AngeIO,
3206 2586 3239 2639 e
3294 2585 3437 2640 uno
3490 2555 3844 2664 splendore
3897 2556 4148 2638 divino
4204 2556 4261 2639 li
4320 2552 4647 2636 abbarba-

2611 2680 2759 2789 glio
2814 2710 2848 2762 e
2886 2679 3161 2788 furono
3207 2687 3396 2790 presi
3446 2681 3541 2763 da
3592 2706 3777 2788 gran
3832 2684 4099 2763 timore.
4144 2683 4211 2764 E
4242 2681 4415 2763 disse
4460 2679 4645 2762 loro:

2316 2903 2440 2964 AN
2445 2901 2705 2965 GELO.

481 3058 747 3143 Nolite
801 3061 1097 3160 timere,
1154 3086 1324 3142 ecce
1381 3061 1591 3142 enim
1657 3060 2104 3167 evangelizo
2175 3059 2399 3142 vobis

373 3183 747 3289 gaudium
779 3212 1181 3290 magnum,
1209 3248 1359 3267 ......
1392 3187 1572 3292 quia
1601 3204 1828 3268 natus
1857 3206 1971 3269 est
2001 3186 2225 3269 vobis
2246 3251 2394 3268 ......

375 3309 764 3408 Salvator;
800 3374 952 3395 ......
993 3329 1069 3393 et
1115 3310 1269 3392 hoc
1320 3310 1543 3393 vobis
1582 3313 1932 3418 signum:
1992 3311 2399 3395 invenietis

295 3545 301 3552 ⁸
374 3435 747 3550 infantem
834 3438 1108 3545 pannis
1191 3436 1638 3520 involutum
1725 3454 1802 3517 et
1885 3436 2231 3541 positum
2317 3436 2396 3517 in

376 3563 750 3670 praesepio
797 3629 944 3645 ......

2730 3061 2905 3141 Non
2960 3072 3211 3158 temete,
3272 3058 3685 3168 imperoeehe
3738 3061 3993 3140 eecomi
4044 3084 4089 3140 a
4142 3084 4365 3140 recare
4419 3082 4464 3138 a
4525 3058 4651 3139 voi

2618 3185 2692 3268 la
2744 3212 2985 3268 nuova
3037 3185 3117 3267 di
3168 3199 3315 3266 un‘a
3368 3183 3634 3294 grande
3686 3183 4073 3292 allegrezza,
4120 3183 4362 3291 perche
4399 3187 4431 3264 ἑ
4479 3195 4647 3263 nato

2615 3315 2793 3420 oggi
2844 3335 2889 3391 a
2941 3311 3068 3390 voi
3118 3338 3219 3390 un
3273 3309 3669 3410 Μητίονα
3725 3309 3808 3391 ed
3860 3336 4178 3392 eceovene
4234 3307 4287 3389 il
4338 3306 4642 3416 segnale:

2619 3449 2945 3518 troverete
3010 3463 3109 3516 un
3179 3433 3507 3516 bambino
3575 3434 3861 3517 avvolto
3918 3438 3995 3517 in
4040 3431 4283 3543 faseie,
4341 3435 4648 3542 giaeente

2620 3563 2697 3640 in
2763 3586 2911 3642 una
2963 3562 3508 3667 mangiatoia....

2091 3781 2336 3844 CORO
2411 3783 2503 3844 DI
2577 3783 2935 3846 ANGELI.

484 3956 751 4041 Gloria
824 3959 904 4040 in
975 3956 1366 4040 altissimis
1436 3960 1636 4056 De0,
1695 3975 1770 4038 et
1836 3958 1912 4037 in
1991 3975 2184 4038 terra
2254 3984 2400 4063 pax

377 4081 831 4165 hominibus
889 4081 1119 4166 bonae
1169 4084 1621 4167 voluntatis,

2731 3959 2983 4042 Gloria
3038 3984 3083 4038 a
3137 3959 3286 4042 Dio
3318 3958 3453 4080 ⁴nel
3495 3961 3631 4066 piie
3684 3957 3825 4041 alto
3881 3957 3995 4040 dei
4045 3957 4221 4056 cieli,
4270 3987 4303 4039 e
4345 3973 4515 4065 pace
4570 3959 4647 4038 in

2617 4097 2801 4166 terra
2854 4084 3006 4191 agli
3036 4087 3339 4166 nomini
3390 4083 3499 4167 del
3554 4084 3741 4166 buon
3794 4083 4041 4165 volere.

2309 4321 2719 4383 STORICO.

479 4495 577 4578 Et
643 4495 955 4593 factum,
1008 4515 1148 4594 est,
1207 4515 1294 4577 ut
1350 4495 1863 4580 discesserunt
1921 4495 2014 4578 ab
2071 4497 2180 4579 eis
2243 4496 2402 4578 An·

371 4620 521 4726 geli
595 4621 674 4704 in
744 4622 1062 4722 coelum,
1120 4639 1465 4728 pastores
1537 4621 2056 4730 loquebantur
2124 4624 2218 4705 ad
2293 4624 2402 4704 in-

372 4772 656 4828 v1cem:

2727 4497 2796 4578 Ε
2862 4493 3043 4603 dopo
3112 4495 3226 4579 che
3277 4496 3385 4606 gli
3435 4496 3703 4605 Angeli
3770 4499 3834 4578 si
3882 4493 4157 4605 furono
4223 4499 4490 4578 ritirati
4554 4494 4651 4578 da

2617 4621 2770 4704 loro
2850 4651 3047 4706 verso
3120 4623 3175 4706 il
3240 4624 3432 4724 cieIO,
3492 4628 3521 4705 i
3573 4627 3850 4732 pastori
3890 4640 4164 4731 presero
4220 4649 4265 4704 a
4318 4621 4467 4704 dire
4537 4637 4647 4704 tra

2617 4746 2695 4828 di
2750 4747 2939 4830 loro.-

2376 4985 2642 5047 CORO.

478 5145 1004 5242 Transeamus
1063 5187 1309 5268 usque
1366 5159 1458 5242 ad
1515 5159 1972 5243 Bethlehem
2031 5179 2106 5242 et
2155 5159 2400 5242 videa-

371 5311 549 5365 mus
607 5283 758 5366 hoc
815 5285 1138 5367 verbum
1198 5285 1410 5394 quod
1469 5285 1756 5371 factum
1798 5307 1937 5387 est,
1979 5286 2192 5394 quod
2243 5287 2401 5366 Do-

371 5409 633 5490 minus
691 5409 1032 5492 ostendit
1089 5410 1341 5493 nobis,

2722 5161 3091 5245 Andiamo
3144 5164 3299 5244 sino
3353 5189 3400 5244 a
3454 5139 3823 5246 Betlemme
3876 5188 3923 5243 a
3975 5161 4213 5242 vedere
4266 5159 4489 5268 quello
4530 5159 4646 5242 che

2616 5285 2727 5365 ivi
2790 5291 2821 5366 ἐ
2891 5286 3247 5386 accadum,
3318 5317 3506 5372 come
3572 5289 3625 5368 il
3696 5288 3993 5394 Signore
4061 5289 4127 5368 ci
4193 5286 4283 5370 ha
4354 5283 4647 5395 manife-

2614 5423 2813 5494 stato,

2304 5649 2717 5712 STORICO.

475 5819 573 5901 Et
628 5840 1006 5902 venerunt
1061 5820 1548 5904 festinantes:
1610 5842 1684 5904 et
1737 5823 2201 5905 invenerunt
2241 5823 2400 5904 Ma-

367 5942 560 6024 riam
619 5963 695 6025 et
741 5944 1030 6053 Joseph
1091 5965 1166 6028 et
1221 5945 1594 6030 infantem
1653 5948 1998 6055 positum
2066 5947 2145 6030 in
2217 5975 2400 6054 prae-

371 6096 616 6175 seplo.

2722 5826 2793 5906 E
2840 5825 3209 5909 andarono
3262 5855 3391 5908 con
3435 5840 3790 5936 prestezza,
3848 5857 3881 5910 e
3947 5842 4327 5910 trovarono
4397 5829 4651 5910 Maria

2613 5979 2648 6031 e
2736 5950 3073 6057 Giuseppe
3152 5980 3186 6033 e
3270 5949 3322 6032 il
3401 5951 3728 6036 bambino
3811 5957 4117 6062 giacente
4198 5953 4381 6037 nella
4449 5979 4647 6037 man-

2615 6077 2908 6181 giatoia.
