5325 7034
1993 207 2062 250 IL
2107 206 2390 252 NATALE
2435 206 2572 250 DEL
2619 205 3041 250 REDENTORE
4513 206 4557 248 V

2387 487 2651 548 CORO.

489 661 937 770 Magnificat
994 664 1254 745 anima
1309 689 1481 744 mea
1539 664 2009 743 Dominum.

490 791 588 872 Et
652 787 1022 872 exultavit
1091 788 1404 894 spiritus
1480 813 1726 884 mem,
1794 787 1873 868 in
1952 787 2126 868 Deo
2203 785 2416 869 salu-

386 917 526 997 tari
585 943 790 997 meo,

493 1041 708 1136 Quia
789 1040 1121 1146 respexit
1204 1036 1723 1120 humilitatem
1819 1037 2112 1120 ancillae
2207 1065 2410 1136 suae;

384 1194 552 1248 ecce
612 1167 820 1247 enim
882 1193 974 1246 ex
1033 1164 1210 1262 hoc,
1269 1163 1570 1246 beatam
1633 1192 1756 1247 me
1814 1164 2068 1247 dicent
2139 1191 2416 1248 omnes

383 1293 944 1397 generationes,

493 1544 589 1625 Et
649 1543 1174 1625 misericordia
1229 1543 1394 1623 eius
1452 1572 1492 1623 a
1558 1545 1928 1650 progenie
1995 1545 2073 1623 in
2151 1570 2420 1648 proge-

392 1671 555 1752 nies
613 1669 1070 1752 timentibus
1127 1694 1333 1749 eum.

498 1796 706 1878 Fecit
777 1793 1204 1901 potentiam
1279 1793 1356 1875 in
1435 1792 1750 1876 brachio
1820 1820 2006 1890 suo,
2067 1791 2420 1898 dispersit

391 1920 768 2028 superbos
826 1937 1086 2002 mente
1143 1918 1396 2002 cordis
1453 1920 1597 2001 sui.

499 2047 885 2153 Deposuit
943 2063 1297 2152 potentes
1354 2043 1447 2126 de
1505 2043 1683 2126 sede
1739 2063 1813 2126 et
1869 2042 2226 2126 exaltavit
2283 2044 2421 2127 hu-

392 2171 640 2254 miles,

501 2299 945 2381 Esurientes
1001 2296 1352 2404 implevit
1408 2295 1637 2378 bonis
1694 2311 1770 2377 et
1806 2295 2078 2377 divites
2127 2296 2418 2378 dimisit

395 2424 686 2508 inanes,

504 2550 858 2660 Suscepit
926 2551 1154 2632 Israel
1231 2577 1562 2657 puerum
1631 2576 1906 2650 suum,
1977 2546 2418 2632 recordatus

400 2676 938 2760 misericordiae
995 2703 1178 2758 suae.
1291 2779 1300 2788 ·

507 2801 722 2885 Sicut
761 2801 1070 2885 locutus
1099 2821 1214 2884 est
1243 2802 1334 2883 ad
1378 2821 1628 2909 patres
1658 2820 1997 2899 nostrOS,
2032 2799 2420 2883 Abraham

398 2948 473 3011 et
527 2929 804 3011 semini
863 2929 1029 3011 eius
1087 2929 1163 3009 in
1223 2925 1524 3008 saecula.

505 3054 786 3138 Amen.

2754 660 3093 742 L'anima
3146 664 3296 741 mia
3348 662 3559 744 esalta
3613 661 3684 742 la
3734 662 4131 768 grandezza
4187 661 4297 744 del
4363 664 4663 771 Signore

2746 785 2857 867 Ed
2910 784 3126 866 esulta
3179 786 3232 869 il
3286 789 3433 868 mio
3486 789 3732 893 spirito
3789 789 3865 869 in
3903 789 4052 870 Dio
4098 791 4245 869 mio
4281 787 4663 871 Salvatore.

2736 1035 2995 1119 Perche
3047 1037 3140 1118 ha
3192 1039 3450 1122 rivolto
3506 1040 3575 1121 Io
3612 1039 3917 1147 sguardo
3954 1039 4096 1122 alla
4150 1039 4447 1141 bassezza
4490 1037 4671 1120 della

2635 1189 2765 1243 sua
2817 1160 3113 1260 ancella;
3170 1191 3317 1246 ecco
3370 1165 3485 1247 che
3536 1165 3632 1248 da
3684 1178 3913 1272 questo
3976 1177 4228 1272 punto,
4301 1163 4493 1245 beata
4568 1168 4671 1244 mi

2636 1287 3131 1370 chiameranno
3188 1302 3353 1370 tutte
3408 1289 3466 1371 le
3520 1295 3648 1372 eta.

2747 1543 2815 1622 E
2863 1540 2934 1622 la
2986 1543 3463 1623 misericordia
3516 1542 3595 1624 di
3648 1543 3755 1624 lui
3804 1543 3884 1624 di
3934 1547 4379 1650 generazione
4434 1547 4511 1623 in
4558 1571 4667 1650 ge·

2635 1669 2997 1768 nerazione
3048 1681 3256 1772 sopra
3309 1667 3539 1750 coloro
3596 1666 3709 1748 che
3763 1666 3830 1749 lo
3889 1681 4185 1750 temone.

2745 1793 2911 1874 Fece
2964 1796 3161 1900 opere
3213 1791 3293 1874 di
3346 1807 3637 1901 potenza
3691 1793 3797 1875 col
3860 1821 3984 1876 suo
4057 1794 4349 1895 braccio,
4408 1797 4665 1904 dissipo

2637 1921 2667 1999 i
2718 1917 2993 2025 superbi
3044 1922 3154 2002 coi
3194 1921 3500 2026 pensieri
3551 1917 3659 2001 del
3714 1918 3863 2002 loro
3920 1949 4141 2004 cuore.

2746 2046 2869 2126 Ha
2922 2045 3199 2153 deposto
3252 2044 3373 2127 dal
3429 2057 3633 2128 trono
3688 2048 3718 2126 i
3760 2050 4031 2153 potenti
4083 2049 4163 2131 ed
4226 2048 4316 2131 ha
4388 2051 4669 2132 esaltato

2642 2173 2671 2250 i
2713 2171 2989 2277 piccoli.

2748 2299 2871 2381 Ha
2934 2298 3287 2381 ricolmati
3354 2299 3435 2381 di
3498 2299 3655 2383 beni
3722 2303 3750 2380 i
3788 2299 4133 2409 famelici,
4209 2332 4242 2383 e
4312 2307 4515 2385 vuoti
4579 2303 4671 2386 ha

2639 2426 3033 2509 rimandati
3086 2429 3116 2507 i
3166 2425 3399 2508 ricchi.

2748 2555 2822 2632 A
2825 2551 3031 2634 ccolse
3084 2551 3331 2635 Israele
3384 2581 3508 2635 suo
3544 2582 3763 2652 servo,
3806 2555 4289 2639 ricordandosi
4322 2555 4502 2640 della
4544 2583 4670 2638 sua

2641 2677 3137 2760 misericordia.

2754 2801 3134 2914 Conforme
3187 2804 3395 2912 parlo
3467 2809 3544 2886 ai
3597 2806 3816 2912 padri
3880 2811 4122 2905 nostri,
4195 2807 4288 2889 ad
4350 2809 4670 2892 Abramo

2639 2961 2673 3010 e
2725 2933 2801 3010 ai
2852 2932 3010 3010 suoi
3061 2928 3483 3013 discendenti
3525 2947 3652 3036 per
3708 2935 3870 3014 tutti
3922 2935 3952 3013 i
4004 2932 4226 3016 secoli.

2752 3055 2916 3135 Cosi
2972 3057 3098 3135 sia.
