5325 7034
703 185 782 236 lv
2237 188 2306 234 11.
2351 189 2634 234 NATALE
2680 189 2818 234 DEL
2867 188 3287 234 REDENTORE

2595 487 3007 549 STORICO.

779 677 990 776 Quae
1045 703 1228 763 cum
1285 677 1648 780 audisset,
1704 679 2008 763 turbata
2043 699 2160 762 est
2215 681 2291 762 in
2333 705 2696 762 sermone
3022 681 3117 760 Le
3184 679 3379 787 quali
3442 706 3586 761 cose
3640 679 3911 762 avendo
3966 678 4097 760 ella
4162 679 4375 776 udite,
4430 679 4493 761 si
4546 677 4745 761 turbo
4812 679 4943 762 alle

670 801 869 904 eius;
926 820 1002 889 et
1057 800 1444 914 cogitabat
1499 803 1745 914 qualis
1800 825 1999 889 esset
2037 805 2180 888 ista
2225 804 2693 888 salutatio...
2913 835 3027 888 sue
3071 804 3349 914 parole;
3405 804 3487 886 ed
3540 804 3827 886 andava
3868 802 4229 913 pensando
4294 801 4408 887 che
4468 819 4656 887 sorta
4708 805 4790 888 di
4838 834 4942 890 sa-

2918 932 3063 1015 luto
3104 928 3292 1041 fosse
3346 945 3675 1038 questa...

2615 1190 3003 1252 ANGELO.

780 1383 902 1467 Ne
976 1382 1249 1464 timeas
1271 1447 1292 1480 ‚
1367 1382 1648 1478 Maria;
1724 1382 2088 1464 invenisti
2148 1445 2300 1464 ......
2377 1384 2699 1489 gratiam
3031 1383 3204 1464 Non
3288 1397 3552 1483 temere,
3626 1382 3915 1478 Maria;
3953 1447 4100 1462 ......
4176 1381 4299 1463 hai
4365 1393 4640 1464 trovato
4708 1381 4949 1488 grazia

679 1508 881 1617 apud
940 1509 1225 1591 Deum.
1286 1505 1479 1589 Ecce
1517 1505 1905 1614 concipies
1943 1507 2023 1589 in
2064 1526 2289 1590 utero
2329 1527 2403 1590 et
2460 1509 2705 1615 paries
2922 1509 3213 1612 dinanzi
3264 1535 3309 1590 a
3361 1511 3534 1591 Dio,
3597 1509 3773 1592 Ecco
3826 1507 3940 1590 che
4010 1511 4401 1616 concepirai
4467 1537 4502 1590 e
4556 1509 4951 1618 partorirai

677 1637 956 1735 filium,
1011 1655 1088 1718 et
1142 1632 1457 1718 vocabis
1513 1660 1806 1719 nomen
1864 1634 2030 1716 eius
2085 1635 2379 1737 Jesum.
2924 1663 3022 1716 un
3063 1634 3276 1746 figlio
3331 1664 3364 1716 e
3418 1634 3524 1744 gli
3566 1638 3819 1742 porrai
3870 1661 4074 1717 nome
4134 1635 4339 1718 Gesic.

2687 1927 2951 1990 CORO.

789 2106 950 2186 Ave
1003 2101 1343 2186 Marial..
1383 2167 1396 2182 .
3031 2103 3189 2184 Dio
3246 2103 3301 2182 ti
3360 2101 3573 2198 salvi,
3633 2131 3683 2182 o
3740 2103 3979 2185 Maria
3991 2167 4138 2184 ......

2619 2359 3029 2422 STORICO.

795 2553 1012 2636 Dixit
1069 2569 1324 2635 autem
1384 2552 1774 2635 Mariasad
1830 2550 2260 2658 Angelum:
3035 2552 3101 2633 Ε
3151 2551 3403 2632 Μανία
3456 2550 3628 2634 disse
3682 2549 4118 2658 all’Angelo:

2676 2789 2987 2851 MARlA.

799 2987 1248 3080 Quomodo
1305 2984 1455 3070 fie'd
1514 2986 1747 3083 istud,
1807 2985 2186 3092 quoniam
2247 2987 2500 3068 virum
2561 3012 2721 3067 non
3047 2985 3135 3064 In
3190 2983 3357 3090 qual
3410 2983 3621 3064 modo
3682 2986 3984 3064 avverrc'z
4050 2994 4299 3089 questo,
4362 2995 4620 3067 mentre
4684 2984 4755 3066 io
4822 3011 4967 3066 non

687 3116 1151 3219 cognosco?
2942 3136 3226 3194 conosco
3284 3107 3551 3190 uomo?

2625 3367 3034 3432 STORICO.

805 3549 902 3630 Et
959 3545 1434 3652 respondens
1492 3542 1867 3652 Angelus,
1927 3543 2116 3625 dixit
2174 3542 2278 3625 ei:
3052 3543 3117 3624 E
3167 3542 3497 3650 I’Angelo
3553 3542 3611 3623 le
3667 3545 3918 3650 rispose
3971 3571 4004 3624 e
4058 3543 4263 3625 disse:

2641 3801 3028 3862 ANGELO.

809 3999 1140 4106 Spiritus
1198 3994 1528 4076 Sanctus
1584 3997 2071 4102 superveniet
2126 3996 2205 4075 in
2246 4011 2320 4074 te
2351 4010 2433 4073 et
2481 3993 2724 4072 virtus
3048 3994 3153 4072 Lo
3208 3993 3473 4100 Spirito
3527 3995 3749 4077 Santo
3801 3993 4119 4076 scenderc'z
4154 4009 4359 4101 sopra
4394 3993 4473 4075 di
4511 4008 4570 4077 te
4603 4023 4637 4077 e
4672 3993 4745 4076 la
4779 3996 4973 4076 virtit

702 4122 1086 4207 Altissimi
1153 4118 1652 4204 obumbrabit
1720 4119 1882 4202 tibi.
1953 4119 2291 4227 Ideoque
2367 4136 2441 4199 et
2509 4116 2723 4224 quod
2942 4113 3473 4200 dall'Altissimo
3530 4121 3587 4200 ti
3638 4117 4071 4202 adombrerc'z.
4132 4121 4202 4202 E
4239 4135 4369 4228 per
4421 4135 4649 4228 questo
4682 4146 4968 4218 ancora,

706 4267 1058 4332 nascetur
1114 4274 1208 4329 ex
1263 4265 1336 4328 te
1393 4265 1774 4345 sanctum,
1817 4245 2217 4328 vocabitur
2255 4243 2496 4327 Filius
2552 4244 2722 4325 Dei.
2942 4240 3162 4348 quello
3217 4242 3332 4326 che
3384 4249 3666 4325 nascerc'z
3718 4245 3799 4328 di
3852 4258 3910 4326 te
3963 4258 4188 4344 sante,
4245 4248 4406 4326 sarc'z
4459 4243 4805 4328 chiamato
4855 4246 4974 4326 Fi-

709 4439 2194 4456 ............
2255 4443 2259 4450 .
2317 4441 2329 4454 .
2448 4439 2462 4453 .
2581 4440 2596 4454 .
2707 4438 2720 4452 .
2944 4369 3213 4478 gliuolo
3267 4370 3348 4452 di
3401 4373 3571 4452 Dio.

2635 4629 3044 4693 STORICO.

813 4808 1028 4890 Dixit
1083 4825 1345 4888 autem
1403 4808 1674 4888 Maria:
3058 4805 3123 4884 E
3178 4805 3425 4884 Maria
3481 4803 3690 4885 disse:

2690 5042 3002 5104 MARIA.

815 5241 1008 5322 Ecce
1079 5237 1350 5321 ancilla
1413 5236 1773 5332 Domini;
1833 5234 1964 5317 fiat
2036 5234 2228 5318 mihi
2301 5233 2733 5316 secundum
3063 5215 3240 5320 Ecco
3295 5234 3610 5317 l’ancella
3661 5234 3770 5317 del
3822 5235 4153 5343 Signore;
4209 5233 4511 5343 facciasi
4575 5235 4655 5318 di
4718 5263 4826 5316 me
4888 5263 4979 5316 se-
5114 5299 5117 5302 .

710 5363 1032 5447 verbum
1088 5384 1422 5446 tuum...
2195 5419 2201 5426 -
2954 5361 3176 5444 condo
3230 5361 3301 5443 la
3356 5375 3477 5442 tua
3520 5359 3879 5467 pamla...

715 5553 2733 5572 0000000000000000

2716 5746 2979 5807 CORO.

822 5921 912 6003 Et
957 5917 1258 6002 Verbum
1293 5944 1455 6002 caro
1477 5915 1758 6028 factum
1796 5933 1887 6001 est
1923 5933 1985 6000 et
2021 5917 2366 6001 habitavit
2404 5924 2479 6000 in
2520 5918 2739 6000 nohis.
3068 5921 3129 6002 E
3200 5921 3251 6001 il
3312 5921 3569 6001 Verbo
3638 5920 3700 6000 si
3770 5923 3810 6000 ἐ
3882 5919 4073 6002 fatto
4130 5947 4351 6001 carne
4418 5919 4507 6002 ed
4579 5919 4789 6002 abito
4870 5938 4984 6000 tra

2962 6047 3037 6128 di
3098 6048 3255 6128 noi.
